@incollection{hollesen2011comparison,
author = {Hollesen, Paul and Connors, Warren A and Trappenberg, Thomas},
booktitle = {Advances in Artificial Intelligence},
pages = {174--185},
publisher = {Springer},
title = {{Comparison of learned versus engineered features for classification of mine like objects from raw sonar images}},
year = {2011}
}
