@incollection{hollesen2011comparison,
  title={Comparison of learned versus engineered features for classification of mine like objects from raw sonar images},
  author={Hollesen, Paul and Connors, Warren A and Trappenberg, Thomas},
  booktitle={Advances in Artificial Intelligence},
  pages={174--185},
  year={2011},
  publisher={Springer}
}